@book{keller:1998,
  Author = {Frederick J. Keller},
  Title = {FÃ­sica - Volume 2 (Em Portuguese do Brasil)},
  Publisher = {Pearson},
  Year = {1998},
  ISBN = {8534609721},
  URL = {https://www.amazon.com/F%C3%ADsica-Portuguese-Frederick-J-Keller/dp/8534609721?SubscriptionId=AKIAIOBINVZYXZQZ2U3A&tag=chimbori05-20&linkCode=xm2&camp=2025&creative=165953&creativeASIN=8534609721}
}